<?xml version="1.0" encoding="UTF-8"?>
<!DOCTYPE html PUBLIC "-//W3C//DTD XHTML 1.0 Transitional//EN"
    "http://www.w3.org/TR/xhtml1/DTD/xhtml1-transitional.dtd">
<html xmlns="http://www.w3.org/1999/xhtml" xml:lang="en" lang="en">
 <head>
  <title>
</title>
<meta http-equiv="Content-Type" content="text/html;charset=utf-8" />
  <meta name='ocr-system' content='tesseract 3.04.00' />
  <meta name='ocr-capabilities' content='ocr_page ocr_carea ocr_par ocr_line ocrx_word'/>
</head>
<body>
  <div class='ocr_page' id='page_1' title='image "4738046_0010.png"; bbox 0 0 1805 3054; ppageno 0'>
   <div class='ocr_carea' id='block_1_1' title="bbox 136 139 1070 187">
    <p class='ocr_par' dir='ltr' id='par_1_1' title="bbox 136 139 1070 187">
     <span class='ocr_line' id='line_1_1' title="bbox 136 139 1070 187; baseline 0.003 -4"><span class='ocrx_word' id='word_1_1' title='bbox 136 139 167 183; x_wconf 78' lang='lat'><strong>6</strong></span> <span class='ocrx_word' id='word_1_2' title='bbox 723 140 782 185; x_wconf 82' lang='lat' dir='ltr'><strong>De</strong></span> <span class='ocrx_word' id='word_1_3' title='bbox 810 142 1070 187; x_wconf 70' lang='lat' dir='ltr'><strong>institucione</strong></span> 
     </span>
    </p>
   </div>
   <div class='ocr_carea' id='block_1_2' title="bbox 130 264 1690 740">
    <p class='ocr_par' dir='ltr' id='par_1_2' title="bbox 130 264 1690 740">
     <span class='ocr_line' id='line_1_2' title="bbox 136 264 1690 336; baseline 0.002 -21"><span class='ocrx_word' id='word_1_4' title='bbox 136 271 239 329; x_wconf 82' lang='lat' dir='ltr'><strong>est,</strong></span> <span class='ocrx_word' id='word_1_5' title='bbox 276 264 403 332; x_wconf 91' lang='lat' dir='ltr'><strong>quod</strong></span> <span class='ocrx_word' id='word_1_6' title='bbox 435 265 650 331; x_wconf 80' lang='lat' dir='ltr'><strong>probem.</strong></span> <span class='ocrx_word' id='word_1_7' title='bbox 698 266 842 331; x_wconf 78' lang='lat' dir='ltr'><strong>Quod</strong></span> <span class='ocrx_word' id='word_1_8' title='bbox 882 285 1029 336; x_wconf 88' lang='lat' dir='ltr'><strong>quum</strong></span> <span class='ocrx_word' id='word_1_9' title='bbox 1062 271 1269 331; x_wconf 78' lang='lat' dir='ltr'><strong>constet,</strong></span> <span class='ocrx_word' id='word_1_10' title='bbox 1299 272 1456 320; x_wconf 82' lang='lat' dir='ltr'><strong>tamen</strong></span> <span class='ocrx_word' id='word_1_11' title='bbox 1490 269 1650 322; x_wconf 87' lang='lat' dir='ltr'><strong>incer-</strong></span> <span class='ocrx_word' id='word_1_12' title='bbox 1684 313 1690 318; x_wconf 85' lang='lat'><strong>.</strong></span> 
     </span>
     <span class='ocr_line' id='line_1_3' title="bbox 135 346 1649 416; baseline 0.004 -21"><span class='ocrx_word' id='word_1_13' title='bbox 135 350 267 410; x_wconf 89' lang='lat' dir='ltr'><strong>tum,</strong></span> <span class='ocrx_word' id='word_1_14' title='bbox 317 362 519 412; x_wconf 84' lang='lat' dir='ltr'><strong>quorum</strong></span> <span class='ocrx_word' id='word_1_15' title='bbox 552 346 834 397; x_wconf 74' lang='lat' dir='ltr'><strong>institutioni</strong></span> <span class='ocrx_word' id='word_1_16' title='bbox 866 365 990 416; x_wconf 86' lang='lat' dir='ltr'><strong>puer</strong></span> <span class='ocrx_word' id='word_1_17' title='bbox 1019 346 1217 398; x_wconf 86' lang='lat' dir='ltr'><strong>traditus</strong></span> <span class='ocrx_word' id='word_1_18' title='bbox 1246 348 1331 412; x_wconf 76' lang='lat' dir='ltr'><strong>sit3</strong></span> <span class='ocrx_word' id='word_1_19' title='bbox 1365 349 1491 400; x_wconf 77' lang='lat' dir='ltr'><strong>varia</strong></span> <span class='ocrx_word' id='word_1_20' title='bbox 1521 351 1649 401; x_wconf 87' lang='lat' dir='ltr'><strong>enim</strong></span> 
     </span>
     <span class='ocr_line' id='line_1_4' title="bbox 133 414 1649 497; baseline 0.003 -22"><span class='ocrx_word' id='word_1_21' title='bbox 133 443 285 493; x_wconf 86' lang='lat' dir='ltr'><strong>eaque</strong></span> <span class='ocrx_word' id='word_1_22' title='bbox 319 425 463 475; x_wconf 87' lang='lat' dir='ltr'><strong>dubia</strong></span> <span class='ocrx_word' id='word_1_23' title='bbox 503 433 757 477; x_wconf 84' lang='lat' dir='ltr'><strong>narrantur</strong></span> <span class='ocrx_word' id='word_1_24' title='bbox 772 434 926 495; x_wconf 83' lang='lat' dir='ltr'><strong>atque</strong></span> <span class='ocrx_word' id='word_1_25' title='bbox 958 445 1022 477; x_wconf 92' lang='lat' dir='ltr'><strong>ne</strong></span> <span class='ocrx_word' id='word_1_26' title='bbox 1059 444 1227 477; x_wconf 89' lang='lat' dir='ltr'><strong>eorum</strong></span> <span class='ocrx_word' id='word_1_27' title='bbox 1266 414 1488 496; x_wconf 79' lang='lat' dir='ltr'><strong>quidem,</strong></span> <span class='ocrx_word' id='word_1_28' title='bbox 1528 441 1649 497; x_wconf 84' lang='lat' dir='ltr'><strong>quae</strong></span> 
     </span>
     <span class='ocr_line' id='line_1_5' title="bbox 132 505 1648 576; baseline 0.003 -21"><span class='ocrx_word' id='word_1_29' title='bbox 132 524 231 556; x_wconf 90' lang='lat' dir='ltr'><strong>non</strong></span> <span class='ocrx_word' id='word_1_30' title='bbox 260 505 516 556; x_wconf 88' lang='lat' dir='ltr'><strong>abhorrere</strong></span> <span class='ocrx_word' id='word_1_31' title='bbox 536 524 566 557; x_wconf 91' lang='lat' dir='ltr'><strong>a</strong></span> <span class='ocrx_word' id='word_1_32' title='bbox 590 525 703 558; x_wconf 89' lang='lat' dir='ltr'><strong>vero</strong></span> <span class='ocrx_word' id='word_1_33' title='bbox 743 507 1012 573; x_wconf 87' lang='lat' dir='ltr'><strong>videantur,</strong></span> <span class='ocrx_word' id='word_1_34' title='bbox 1056 525 1312 576; x_wconf 84' lang='lat' dir='ltr'><strong>possumus</strong></span> <span class='ocrx_word' id='word_1_35' title='bbox 1341 508 1483 572; x_wconf 81' lang='lat' dir='ltr'><strong>fidem</strong></span> <span class='ocrx_word' id='word_1_36' title='bbox 1530 527 1648 559; x_wconf 79' lang='lat' dir='ltr'><strong>con-</strong></span> 
     </span>
     <span class='ocr_line' id='line_1_6' title="bbox 131 585 1647 658; baseline 0.001 -22"><span class='ocrx_word' id='word_1_37' title='bbox 131 585 323 636; x_wconf 85' lang='lat' dir='ltr'><strong>firmare</strong></span> <span class='ocrx_word' id='word_1_38' title='bbox 347 587 410 650; x_wconf 89' lang='lat'><strong>¹).</strong></span> <span class='ocrx_word' id='word_1_39' title='bbox 468 587 592 638; x_wconf 85' lang='lat' dir='ltr'><strong>Nam</strong></span> <span class='ocrx_word' id='word_1_40' title='bbox 612 605 776 658; x_wconf 51' lang='lat' dir='ltr'><strong>¹unum</strong></span> <span class='ocrx_word' id='word_1_41' title='bbox 792 588 1137 656; x_wconf 81' lang='lat' dir='ltr'><strong>Anaxagoram</strong></span> <span class='ocrx_word' id='word_1_42' title='bbox 1154 588 1508 638; x_wconf 85' lang='lat' dir='ltr'><strong>Clazomenium</strong></span> <span class='ocrx_word' id='word_1_43' title='bbox 1535 589 1647 655; x_wconf 86' lang='lat' dir='ltr'><strong>phi-</strong></span> 
     </span>
     <span class='ocr_line' id='line_1_7' title="bbox 130 662 1647 740; baseline 0.001 -23"><span class='ocrx_word' id='word_1_44' title='bbox 130 666 379 734; x_wconf 83' lang='lat' dir='ltr'><strong>losophum</strong></span> <span class='ocrx_word' id='word_1_45' title='bbox 409 666 639 740; x_wconf 80' lang='lat' dir='ltr'><strong>illustrem</strong></span> <span class='ocrx_word' id='word_1_46' title='bbox 675 667 906 732; x_wconf 89' lang='lat' dir='ltr'><strong>(eundem</strong></span> <span class='ocrx_word' id='word_1_47' title='bbox 939 668 1087 733; x_wconf 91' lang='lat' dir='ltr'><strong>illum,</strong></span> <span class='ocrx_word' id='word_1_48' title='bbox 1123 669 1258 720; x_wconf 86' lang='lat' dir='ltr'><strong>cuius</strong></span> <span class='ocrx_word' id='word_1_49' title='bbox 1288 662 1505 734; x_wconf 82' lang='lat' dir='ltr'><strong>impietas</strong></span> <span class='ocrx_word' id='word_1_50' title='bbox 1532 667 1647 718; x_wconf 86' lang='lat' dir='ltr'><strong>deos</strong></span> 
     </span>
    </p>
   </div>
   <div class='ocr_carea' id='block_1_3' title="bbox 130 746 1731 814">
    <p class='ocr_par' dir='ltr' id='par_1_3' title="bbox 130 746 1731 814">
     <span class='ocr_line' id='line_1_8' title="bbox 130 746 1731 814; baseline 0.002 -19"><span class='ocrx_word' id='word_1_51' title='bbox 130 748 302 797; x_wconf 84' lang='lat' dir='ltr'><strong>tollens</strong></span> <span class='ocrx_word' id='word_1_52' title='bbox 335 746 536 796; x_wconf 79' lang='lat' dir='ltr'><strong>Athenis</strong></span> <span class='ocrx_word' id='word_1_53' title='bbox 578 748 721 814; x_wconf 85' lang='lat' dir='ltr'><strong>vulgo</strong></span> <span class='ocrx_word' id='word_1_54' title='bbox 757 746 1137 813; x_wconf 80' lang='lat' dir='ltr'><strong>diffamabatur),</strong></span> <span class='ocrx_word' id='word_1_55' title='bbox 1171 752 1469 814; x_wconf 83' lang='lat' dir='ltr'><strong>compertum</strong></span> <span class='ocrx_word' id='word_1_56' title='bbox 1498 747 1649 798; x_wconf 68' lang='lat' dir='ltr'><strong>habe-</strong></span> <span class='ocrx_word' id='word_1_57' title='bbox 1724 797 1731 805; x_wconf 84' lang='lat'>‚</span> 
     </span>
    </p>
   </div>
   <div class='ocr_carea' id='block_1_4' title="bbox 128 826 1703 1135">
    <p class='ocr_par' dir='ltr' id='par_1_4' title="bbox 128 826 1703 1135">
     <span class='ocr_line' id='line_1_9' title="bbox 129 826 1703 894; baseline 0.001 -19"><span class='ocrx_word' id='word_1_58' title='bbox 129 844 236 876; x_wconf 86' lang='lat' dir='ltr'><strong>mus</strong></span> <span class='ocrx_word' id='word_1_59' title='bbox 283 826 436 876; x_wconf 78' lang='lat' dir='ltr'><strong>fuisse</strong></span> <span class='ocrx_word' id='word_1_60' title='bbox 480 826 760 894; x_wconf 85' lang='lat' dir='ltr'><strong>magistrum</strong></span> <span class='ocrx_word' id='word_1_61' title='bbox 793 826 1091 892; x_wconf 82' lang='lat' dir='ltr'><strong>Thucydidis</strong></span> <span class='ocrx_word' id='word_1_62' title='bbox 1114 829 1160 891; x_wconf 85' lang='grc'><strong>2)</strong></span> <span class='ocrx_word' id='word_1_63' title='bbox 1175 863 1191 890; x_wconf 88' lang='grc'><em>,</em></span> <span class='ocrx_word' id='word_1_64' title='bbox 1233 827 1388 877; x_wconf 86' lang='lat' dir='ltr'><strong>virum</strong></span> <span class='ocrx_word' id='word_1_65' title='bbox 1428 827 1646 893; x_wconf 78' lang='lat' dir='ltr'><strong>profecto</strong></span> <span class='ocrx_word' id='word_1_66' title='bbox 1693 842 1703 846; x_wconf 86' lang='lat'>·</span> 
     </span>
     <span class='ocr_line' id='line_1_10' title="bbox 129 906 1646 975; baseline -0.001 -18"><span class='ocrx_word' id='word_1_67' title='bbox 129 907 406 975; x_wconf 88' lang='lat' dir='ltr'><strong>egregium,</strong></span> <span class='ocrx_word' id='word_1_68' title='bbox 455 906 540 973; x_wconf 86' lang='lat' dir='ltr'><strong>qui</strong></span> <span class='ocrx_word' id='word_1_69' title='bbox 582 907 807 956; x_wconf 82' lang='lat' dir='ltr'><strong>excitaret</strong></span> <span class='ocrx_word' id='word_1_70' title='bbox 843 907 982 973; x_wconf 85' lang='lat' dir='ltr'><strong>pueri</strong></span> <span class='ocrx_word' id='word_1_71' title='bbox 1027 907 1317 975; x_wconf 79' lang='lat' dir='ltr'><strong>ingenium,</strong></span> <span class='ocrx_word' id='word_1_72' title='bbox 1348 912 1646 973; x_wconf 78' lang='lat' dir='ltr'><strong>mentemque</strong></span> 
     </span>
     <span class='ocr_line' id='line_1_11' title="bbox 128 985 1645 1057; baseline -0.001 -20"><span class='ocrx_word' id='word_1_73' title='bbox 128 992 335 1037; x_wconf 76' lang='lat' dir='ltr'><strong>acueret.</strong></span> <span class='ocrx_word' id='word_1_74' title='bbox 369 1044 376 1052; x_wconf 35' lang='grc'>,</span> <span class='ocrx_word' id='word_1_75' title='bbox 405 985 510 1035; x_wconf 82' lang='lat' dir='ltr'><strong>lam</strong></span> <span class='ocrx_word' id='word_1_76' title='bbox 550 993 775 1057; x_wconf 84' lang='lat' dir='ltr'><strong>quantam</strong></span> <span class='ocrx_word' id='word_1_77' title='bbox 815 988 892 1036; x_wconf 90' lang='lat' dir='ltr'><strong>ille</strong></span> <span class='ocrx_word' id='word_1_78' title='bbox 921 993 1087 1037; x_wconf 82' lang='lat' dir='ltr'><strong>noster</strong></span> <span class='ocrx_word' id='word_1_79' title='bbox 1129 987 1426 1054; x_wconf 77' lang='lat' dir='ltr'><strong>disciplinam</strong></span> <span class='ocrx_word' id='word_1_80' title='bbox 1469 1003 1645 1037; x_wconf 74' lang='lat' dir='ltr'><strong>acce-</strong></span> 
     </span>
     <span class='ocr_line' id='line_1_12' title="bbox 128 1065 1644 1135; baseline -0.001 -18"><span class='ocrx_word' id='word_1_81' title='bbox 128 1067 311 1134; x_wconf 79' lang='lat' dir='ltr'><strong>perit,</strong></span> <span class='ocrx_word' id='word_1_82' title='bbox 346 1067 395 1115; x_wconf 92' lang='lat' dir='ltr'><strong>in</strong></span> <span class='ocrx_word' id='word_1_83' title='bbox 416 1065 573 1115; x_wconf 91' lang='lat' dir='ltr'><strong>medio</strong></span> <span class='ocrx_word' id='word_1_84' title='bbox 609 1066 949 1134; x_wconf 83' lang='lat' dir='ltr'><strong>relinquamus,</strong></span> <span class='ocrx_word' id='word_1_85' title='bbox 982 1085 1129 1134; x_wconf 91' lang='lat' dir='ltr'><strong>quum</strong></span> <span class='ocrx_word' id='word_1_86' title='bbox 1156 1069 1343 1135; x_wconf 86' lang='lat' dir='ltr'><strong>qualem</strong></span> <span class='ocrx_word' id='word_1_87' title='bbox 1370 1067 1478 1117; x_wconf 88' lang='lat' dir='ltr'><strong>hab</strong></span> <span class='ocrx_word' id='word_1_88' title='bbox 1490 1067 1644 1117; x_wconf 91' lang='lat' dir='ltr'><strong>uerit</strong></span> 
     </span>
    </p>
   </div>
   <div class='ocr_carea' id='block_1_5' title="bbox 127 1145 1725 1213">
    <p class='ocr_par' dir='ltr' id='par_1_5' title="bbox 127 1145 1725 1213">
     <span class='ocr_line' id='line_1_13' title="bbox 127 1145 1725 1213; baseline -0.001 -17"><span class='ocrx_word' id='word_1_89' title='bbox 127 1151 257 1196; x_wconf 88' lang='lat' dir='ltr'><strong>certo</strong></span> <span class='ocrx_word' id='word_1_90' title='bbox 291 1146 509 1195; x_wconf 84' lang='lat' dir='ltr'><strong>sciamus.</strong></span> <span class='ocrx_word' id='word_1_91' title='bbox 578 1145 723 1195; x_wconf 89' lang='lat' dir='ltr'><strong>Enim</strong></span> <span class='ocrx_word' id='word_1_92' title='bbox 754 1163 873 1196; x_wconf 84' lang='lat' dir='ltr'><strong>vero</strong></span> <span class='ocrx_word' id='word_1_93' title='bbox 907 1147 1102 1196; x_wconf 87' lang='lat' dir='ltr'><strong>historia</strong></span> <span class='ocrx_word' id='word_1_94' title='bbox 1142 1164 1285 1213; x_wconf 87' lang='lat' dir='ltr'><strong>quam</strong></span> <span class='ocrx_word' id='word_1_95' title='bbox 1325 1146 1386 1195; x_wconf 92' lang='lat' dir='ltr'><strong>de</strong></span> <span class='ocrx_word' id='word_1_96' title='bbox 1428 1151 1644 1213; x_wconf 86' lang='lat' dir='ltr'><strong>tempore</strong></span> <span class='ocrx_word' id='word_1_97' title='bbox 1721 1148 1725 1151; x_wconf 77' lang='grc'><strong>’</strong></span> 
     </span>
    </p>
   </div>
   <div class='ocr_carea' id='block_1_6' title="bbox 124 1225 1644 1616">
    <p class='ocr_par' dir='ltr' id='par_1_6' title="bbox 124 1225 1644 1612">
     <span class='ocr_line' id='line_1_14' title="bbox 127 1225 1644 1297; baseline 0 -23"><span class='ocrx_word' id='word_1_98' title='bbox 127 1243 218 1275; x_wconf 87' lang='lat' dir='ltr'><strong>suo</strong></span> <span class='ocrx_word' id='word_1_99' title='bbox 248 1225 544 1291; x_wconf 86' lang='lat' dir='ltr'><strong>conscripsit,</strong></span> <span class='ocrx_word' id='word_1_100' title='bbox 578 1226 724 1274; x_wconf 87' lang='lat' dir='ltr'><strong>animi</strong></span> <span class='ocrx_word' id='word_1_101' title='bbox 757 1225 1091 1275; x_wconf 81' lang='lat' dir='ltr'><strong>altitudinem</strong></span> <span class='ocrx_word' id='word_1_102' title='bbox 1077 1243 1181 1274; x_wconf 78' lang='lat' dir='ltr'><strong>lure</strong></span> <span class='ocrx_word' id='word_1_103' title='bbox 1213 1230 1375 1274; x_wconf 85' lang='lat' dir='ltr'><strong>nostro</strong></span> <span class='ocrx_word' id='word_1_104' title='bbox 1408 1226 1644 1297; x_wconf 82' lang='lat' dir='ltr'><strong>metimur,</strong></span> 
     </span>
     <span class='ocr_line' id='line_1_15' title="bbox 128 1293 1640 1396; baseline -0.001 -42"><span class='ocrx_word' id='word_1_105' title='bbox 128 1321 281 1372; x_wconf 90' lang='lat' dir='ltr'><strong>eaque</strong></span> <span class='ocrx_word' id='word_1_106' title='bbox 313 1305 652 1396; x_wconf 62' lang='lat' dir='ltr'><strong>comprobatur</strong></span> <span class='ocrx_word' id='word_1_107' title='bbox 683 1301 925 1372; x_wconf 73' lang='lat' dir='ltr'><strong>ingenium</strong></span> <span class='ocrx_word' id='word_1_108' title='bbox 958 1321 1101 1372; x_wconf 90' lang='lat' dir='ltr'><strong>quam</strong></span> <span class='ocrx_word' id='word_1_109' title='bbox 1143 1304 1352 1353; x_wconf 77' lang='lat' dir='ltr'><strong>maxime</strong></span> <span class='ocrx_word' id='word_1_110' title='bbox 1387 1293 1640 1353; x_wconf 73' lang='lat' dir='ltr'><strong>excultum</strong></span> 
     </span>
     <span class='ocr_line' id='line_1_16' title="bbox 126 1383 1642 1452; baseline -0.001 -18"><span class='ocrx_word' id='word_1_111' title='bbox 126 1383 315 1435; x_wconf 84' lang='lat' dir='ltr'><strong>Etenim</strong></span> <span class='ocrx_word' id='word_1_112' title='bbox 339 1383 383 1433; x_wconf 83' lang='lat' dir='ltr'><strong>si</strong></span> <span class='ocrx_word' id='word_1_113' title='bbox 415 1399 479 1433; x_wconf 84' lang='lat' dir='ltr'><strong>ex</strong></span> <span class='ocrx_word' id='word_1_114' title='bbox 512 1383 655 1433; x_wconf 87' lang='lat' dir='ltr'><strong>rebus</strong></span> <span class='ocrx_word' id='word_1_115' title='bbox 685 1384 835 1452; x_wconf 85' lang='lat' dir='ltr'><strong>gestis</strong></span> <span class='ocrx_word' id='word_1_116' title='bbox 866 1384 1011 1433; x_wconf 87' lang='lat' dir='ltr'><strong>animi</strong></span> <span class='ocrx_word' id='word_1_117' title='bbox 1042 1383 1355 1433; x_wconf 76' lang='lat' dir='ltr'><strong>constantiam</strong></span> <span class='ocrx_word' id='word_1_118' title='bbox 1389 1392 1642 1451; x_wconf 80' lang='lat' dir='ltr'><strong>moresque</strong></span> 
     </span>
     <span class='ocr_line' id='line_1_17' title="bbox 124 1462 1643 1540; baseline 0 -26"><span class='ocrx_word' id='word_1_119' title='bbox 124 1462 406 1514; x_wconf 83' lang='lat' dir='ltr'><strong>emendatos</strong></span> <span class='ocrx_word' id='word_1_120' title='bbox 437 1469 568 1514; x_wconf 85' lang='lat' dir='ltr'><strong>recte</strong></span> <span class='ocrx_word' id='word_1_121' title='bbox 594 1480 826 1532; x_wconf 80' lang='lat' dir='ltr'><strong>agnoscas</strong></span> <span class='ocrx_word' id='word_1_122' title='bbox 839 1499 857 1527; x_wconf 93' lang='lat'><strong>,</strong></span> <span class='ocrx_word' id='word_1_123' title='bbox 891 1481 957 1514; x_wconf 84' lang='lat' dir='ltr'><strong>ex</strong></span> <span class='ocrx_word' id='word_1_124' title='bbox 989 1464 1180 1530; x_wconf 83' lang='lat' dir='ltr'><strong>scriptis</strong></span> <span class='ocrx_word' id='word_1_125' title='bbox 1210 1463 1390 1531; x_wconf 88' lang='lat' dir='ltr'><strong>optime</strong></span> <span class='ocrx_word' id='word_1_126' title='bbox 1424 1463 1643 1540; x_wconf 76' lang='lat' dir='ltr'><strong>colligere</strong></span> 
     </span>
     <span class='ocr_line' id='line_1_18' title="bbox 125 1537 1643 1616; baseline -0.001 -23"><span class='ocrx_word' id='word_1_127' title='bbox 125 1544 284 1611; x_wconf 82' lang='lat' dir='ltr'><strong>possis</strong></span> <span class='ocrx_word' id='word_1_128' title='bbox 297 1579 316 1608; x_wconf 87' lang='lat'><strong>,</strong></span> <span class='ocrx_word' id='word_1_129' title='bbox 350 1542 467 1612; x_wconf 85' lang='lat' dir='ltr'><strong>quid</strong></span> <span class='ocrx_word' id='word_1_130' title='bbox 501 1543 709 1594; x_wconf 77' lang='lat' dir='ltr'><strong>senserit</strong></span> <span class='ocrx_word' id='word_1_131' title='bbox 743 1542 805 1592; x_wconf 90' lang='lat' dir='ltr'><strong>de</strong></span> <span class='ocrx_word' id='word_1_132' title='bbox 837 1543 1037 1594; x_wconf 83' lang='lat' dir='ltr'><strong>summis</strong></span> <span class='ocrx_word' id='word_1_133' title='bbox 1068 1538 1242 1608; x_wconf 76' lang='lat' dir='ltr'><strong>re‘bus&#39;,</strong></span> <span class='ocrx_word' id='word_1_134' title='bbox 1276 1547 1326 1592; x_wconf 89' lang='lat' dir='ltr'><strong>et</strong></span> <span class='ocrx_word' id='word_1_135' title='bbox 1352 1537 1643 1616; x_wconf 78' lang='lat' dir='ltr'><strong>quantopere</strong></span> 
     </span>
    </p>
   </div>
   <div class='ocr_carea' id='block_1_7' title="bbox 124 1611 1763 1769">
    <p class='ocr_par' dir='ltr' id='par_1_7' title="bbox 124 1611 1763 1769">
     <span class='ocr_line' id='line_1_19' title="bbox 124 1611 1763 1690; baseline -0.001 -18"><span class='ocrx_word' id='word_1_136' title='bbox 124 1624 225 1672; x_wconf 85' lang='lat' dir='ltr'><strong>vim</strong></span> <span class='ocrx_word' id='word_1_137' title='bbox 250 1622 412 1672; x_wconf 90' lang='lat' dir='ltr'><strong>iudicii</strong></span> <span class='ocrx_word' id='word_1_138' title='bbox 445 1624 719 1672; x_wconf 84' lang='lat' dir='ltr'><strong>excoluerit.</strong></span> <span class='ocrx_word' id='word_1_139' title='bbox 764 1621 941 1672; x_wconf 83' lang='lat' dir='ltr'><strong>Libros</strong></span> <span class='ocrx_word' id='word_1_140' title='bbox 972 1623 1120 1690; x_wconf 86' lang='lat' dir='ltr'><strong>igitur</strong></span> <span class='ocrx_word' id='word_1_141' title='bbox 1148 1639 1178 1672; x_wconf 87' lang='lat' dir='ltr'><strong>a</strong></span> <span class='ocrx_word' id='word_1_142' title='bbox 1203 1611 1489 1686; x_wconf 78' lang='lat' dir='ltr'><strong>Thucydide</strong></span> <span class='ocrx_word' id='word_1_143' title='bbox 1525 1637 1643 1672; x_wconf 61' lang='lat' dir='ltr'><strong>con-⁴</strong></span> <span class='ocrx_word' id='word_1_144' title='bbox 1742 1644 1763 1647; x_wconf 85' lang='grc'><strong>··</strong></span> 
     </span>
     <span class='ocr_line' id='line_1_20' title="bbox 125 1687 1742 1769; baseline -0.001 -16"><span class='ocrx_word' id='word_1_145' title='bbox 125 1704 331 1769; x_wconf 80' lang='lat' dir='ltr'><strong>scriptos</strong></span> <span class='ocrx_word' id='word_1_146' title='bbox 362 1703 405 1751; x_wconf 82' lang='lat' dir='ltr'><strong>si</strong></span> <span class='ocrx_word' id='word_1_147' title='bbox 437 1702 733 1769; x_wconf 72' lang='lat' dir='ltr'><strong>respicimus,</strong></span> <span class='ocrx_word' id='word_1_148' title='bbox 770 1701 897 1751; x_wconf 87' lang='lat' dir='ltr'><strong>haud</strong></span> <span class='ocrx_word' id='word_1_149' title='bbox 921 1707 1100 1752; x_wconf 86' lang='lat' dir='ltr'><strong>temere</strong></span> <span class='ocrx_word' id='word_1_150' title='bbox 1133 1687 1474 1751; x_wconf 83' lang='lat' dir='ltr'><strong>contendemus</strong></span> <span class='ocrx_word' id='word_1_151' title='bbox 1502 1701 1641 1751; x_wconf 82' lang='lat' dir='ltr'><strong>Thu·</strong></span> <span class='ocrx_word' id='word_1_152' title='bbox 1736 1738 1742 1740; x_wconf 52' lang='lat'><em>&gt;</em></span> 
     </span>
    </p>
   </div>
   <div class='ocr_carea' id='block_1_8' title="bbox 124 1779 1641 2030">
    <p class='ocr_par' dir='ltr' id='par_1_8' title="bbox 124 1779 1641 2008">
     <span class='ocr_line' id='line_1_21' title="bbox 125 1779 1640 1849; baseline 0.001 -19"><span class='ocrx_word' id='word_1_153' title='bbox 125 1780 397 1847; x_wconf 85' lang='lat' dir='ltr'><strong>cydidem&#39;</strong></span> <span class='ocrx_word' id='word_1_154' title='bbox 381 1799 430 1830; x_wconf 91' lang='grc' dir='ltr'><strong>ιιι</strong></span> <span class='ocrx_word' id='word_1_155' title='bbox 454 1779 754 1831; x_wconf 84' lang='lat' dir='ltr'><strong>excolendo</strong></span> <span class='ocrx_word' id='word_1_156' title='bbox 737 1780 932 1849; x_wconf 77' lang='lat' dir='ltr'><strong>ingenio</strong></span> <span class='ocrx_word' id='word_1_157' title='bbox 946 1786 1137 1831; x_wconf 74' lang='lat' dir='ltr'><strong>tantum</strong></span> <span class='ocrx_word' id='word_1_158' title='bbox 1157 1785 1503 1848; x_wconf 78' lang='lat' dir='ltr'><strong>consequutum</strong></span> <span class='ocrx_word' id='word_1_159' title='bbox 1516 1796 1640 1843; x_wconf 80' lang='lat' dir='ltr'><strong>esse,</strong></span> 
     </span>
     <span class='ocr_line' id='line_1_22' title="bbox 125 1860 1641 1970; baseline -0.001 -60"><span class='ocrx_word' id='word_1_160' title='bbox 125 1866 355 1928; x_wconf 86' lang='lat' dir='ltr'><strong>quantum</strong></span> <span class='ocrx_word' id='word_1_161' title='bbox 375 1860 575 1911; x_wconf 82' lang='lat' dir='ltr'><strong>Graecis</strong></span> <span class='ocrx_word' id='word_1_162' title='bbox 601 1860 839 1927; x_wconf 83' lang='lat' dir='ltr'><strong>attingere</strong></span> <span class='ocrx_word' id='word_1_163' title='bbox 871 1874 1148 1911; x_wconf 74' lang='lat' dir='ltr'><strong>concessum</strong></span> <span class='ocrx_word' id='word_1_164' title='bbox 1181 1860 1291 1960; x_wconf 75' lang='lat' dir='ltr'><strong>suit.</strong></span> <span class='ocrx_word' id='word_1_165' title='bbox 1282 1860 1579 1970; x_wconf 78' lang='lat' dir='ltr'><strong>Neque</strong></span> <span class='ocrx_word' id='word_1_166' title='bbox 1548 1871 1641 1909; x_wconf 75' lang='lat' dir='ltr'><strong>ex-</strong></span> 
     </span>
     <span class='ocr_line' id='line_1_23' title="bbox 124 1941 990 2030; baseline -0.001 -39"><span class='ocrx_word' id='word_1_167' title='bbox 124 1941 271 2005; x_wconf 80' lang='lat' dir='ltr'><strong>stitit,</strong></span> <span class='ocrx_word' id='word_1_168' title='bbox 308 1941 388 2008; x_wconf 91' lang='lat' dir='ltr'><strong>qui</strong></span> <span class='ocrx_word' id='word_1_169' title='bbox 421 1957 539 1991; x_wconf 88' lang='lat' dir='ltr'><strong>eum</strong></span> <span class='ocrx_word' id='word_1_170' title='bbox 564 1945 827 2030; x_wconf 75' lang='lat' dir='ltr'><strong>superaret.</strong></span> <span class='ocrx_word' id='word_1_171' title='bbox 986 1954 990 1957; x_wconf 78' lang='grc'><strong>’</strong></span> 
     </span>
    </p>
   </div>
   <div class='ocr_carea' id='block_1_9' title="bbox 124 2089 1691 2726">
    <p class='ocr_par' dir='ltr' id='par_1_9' title="bbox 124 2089 1691 2726">
     <span class='ocr_line' id='line_1_24' title="bbox 264 2089 1642 2171; baseline -0.003 -20"><span class='ocrx_word' id='word_1_172' title='bbox 264 2099 367 2151; x_wconf 78' lang='lat' dir='ltr'><strong>Sed</strong></span> <span class='ocrx_word' id='word_1_173' title='bbox 409 2099 539 2166; x_wconf 85' lang='lat' dir='ltr'><strong>apud</strong></span> <span class='ocrx_word' id='word_1_174' title='bbox 572 2100 783 2151; x_wconf 82' lang='lat' dir='ltr'><strong>Graecos</strong></span> <span class='ocrx_word' id='word_1_175' title='bbox 829 2117 925 2150; x_wconf 91' lang='lat' dir='ltr'><strong>non</strong></span> <span class='ocrx_word' id='word_1_176' title='bbox 967 2101 1108 2167; x_wconf 84' lang='lat' dir='ltr'><strong>pueri</strong></span> <span class='ocrx_word' id='word_1_177' title='bbox 1152 2104 1336 2171; x_wconf 86' lang='lat' dir='ltr'><strong>tantum</strong></span> <span class='ocrx_word' id='word_1_178' title='bbox 1365 2089 1642 2148; x_wconf 73' lang='lat' dir='ltr'><strong>adolescen-</strong></span> 
     </span>
     <span class='ocr_line' id='line_1_25' title="bbox 126 2178 1681 2247; baseline -0.002 -18"><span class='ocrx_word' id='word_1_179' title='bbox 126 2185 291 2246; x_wconf 83' lang='lat' dir='ltr'><strong>tesque</strong></span> <span class='ocrx_word' id='word_1_180' title='bbox 321 2180 504 2229; x_wconf 77' lang='lat' dir='ltr'><strong>salubri</strong></span> <span class='ocrx_word' id='word_1_181' title='bbox 540 2180 784 2247; x_wconf 80' lang='lat' dir='ltr'><strong>disciplina</strong></span> <span class='ocrx_word' id='word_1_182' title='bbox 814 2180 1196 2242; x_wconf 77' lang='lat' dir='ltr'><strong>instituebantur,</strong></span> <span class='ocrx_word' id='word_1_183' title='bbox 1229 2194 1390 2245; x_wconf 85' lang='lat' dir='ltr'><strong>neque</strong></span> <span class='ocrx_word' id='word_1_184' title='bbox 1422 2178 1641 2228; x_wconf 85' lang='lat' dir='ltr'><strong>examine</strong></span> <span class='ocrx_word' id='word_1_185' title='bbox 1679 2208 1681 2210; x_wconf 58' lang='lat'>&gt;</span> 
     </span>
     <span class='ocr_line' id='line_1_26' title="bbox 126 2257 1639 2327; baseline -0.001 -19"><span class='ocrx_word' id='word_1_186' title='bbox 126 2258 332 2327; x_wconf 89' lang='lat' dir='ltr'><strong>quodam</strong></span> <span class='ocrx_word' id='word_1_187' title='bbox 388 2258 588 2308; x_wconf 78' lang='lat' dir='ltr'><strong>feliciter</strong></span> <span class='ocrx_word' id='word_1_188' title='bbox 644 2264 867 2325; x_wconf 82' lang='lat' dir='ltr'><strong>superato</strong></span> <span class='ocrx_word' id='word_1_189' title='bbox 921 2258 1029 2308; x_wconf 86' lang='lat' dir='ltr'><strong>finis</strong></span> <span class='ocrx_word' id='word_1_190' title='bbox 1081 2257 1409 2325; x_wconf 84' lang='lat' dir='ltr'><strong>imponebatur</strong></span> <span class='ocrx_word' id='word_1_191' title='bbox 1442 2257 1639 2307; x_wconf 78' lang='lat' dir='ltr'><strong>liberali</strong></span> 
     </span>
     <span class='ocr_line' id='line_1_27' title="bbox 125 2325 1642 2407; baseline -0.003 -18"><span class='ocrx_word' id='word_1_192' title='bbox 125 2340 306 2402; x_wconf 82' lang='lat' dir='ltr'><strong>studio,</strong></span> <span class='ocrx_word' id='word_1_193' title='bbox 347 2340 493 2387; x_wconf 87' lang='lat' dir='ltr'><strong>immo</strong></span> <span class='ocrx_word' id='word_1_194' title='bbox 537 2339 626 2388; x_wconf 83' lang='lat' dir='ltr'><strong>viri</strong></span> <span class='ocrx_word' id='word_1_195' title='bbox 675 2349 861 2404; x_wconf 89' lang='lat' dir='ltr'><strong>quoque</strong></span> <span class='ocrx_word' id='word_1_196' title='bbox 900 2339 1135 2407; x_wconf 81' lang='lat' dir='ltr'><strong>gravitate</strong></span> <span class='ocrx_word' id='word_1_197' title='bbox 1179 2343 1324 2404; x_wconf 89' lang='lat' dir='ltr'><strong>atque</strong></span> <span class='ocrx_word' id='word_1_198' title='bbox 1366 2325 1642 2387; x_wconf 76' lang='lat' dir='ltr'><strong>auctoritate</strong></span> 
     </span>
     <span class='ocr_line' id='line_1_28' title="bbox 124 2404 1644 2484; baseline -0.003 -15"><span class='ocrx_word' id='word_1_199' title='bbox 124 2419 286 2469; x_wconf 87' lang='lat' dir='ltr'><strong>eximii</strong></span> <span class='ocrx_word' id='word_1_200' title='bbox 327 2413 705 2468; x_wconf 85' lang='lat' dir='ltr'><strong>doctissimorum</strong></span> <span class='ocrx_word' id='word_1_201' title='bbox 743 2418 986 2470; x_wconf 86' lang='lat' dir='ltr'><strong>hominum</strong></span> <span class='ocrx_word' id='word_1_202' title='bbox 1015 2416 1375 2477; x_wconf 61' lang='lat' dir='ltr'><strong>consuetudine</strong></span> <span class='ocrx_word' id='word_1_203' title='bbox 1396 2404 1644 2484; x_wconf 88' lang='lat' dir='ltr'><strong>diligenter</strong></span> 
     </span>
     <span class='ocr_line' id='line_1_29' title="bbox 124 2494 1644 2579; baseline -0.004 -28.871"><span class='ocrx_word' id='word_1_204' title='bbox 124 2494 405 2561; x_wconf 87' lang='lat' dir='ltr'><strong>utebantur,</strong></span> <span class='ocrx_word' id='word_1_205' title='bbox 441 2515 539 2565; x_wconf 92' lang='lat' dir='ltr'><strong>quo</strong></span> <span class='ocrx_word' id='word_1_206' title='bbox 573 2499 785 2549; x_wconf 84' lang='lat' dir='ltr'><strong>animum</strong></span> <span class='ocrx_word' id='word_1_207' title='bbox 819 2500 870 2550; x_wconf 90' lang='lat' dir='ltr'><strong>in</strong></span> <span class='ocrx_word' id='word_1_208' title='bbox 902 2498 1028 2550; x_wconf 89' lang='lat' dir='ltr'><strong>diem</strong></span> <span class='ocrx_word' id='word_1_209' title='bbox 1060 2498 1213 2579; x_wconf 82' lang='lat' dir='ltr'><strong>magis</strong></span> <span class='ocrx_word' id='word_1_210' title='bbox 1249 2496 1504 2548; x_wconf 82' lang='lat' dir='ltr'><strong>erudirent.</strong></span> <span class='ocrx_word' id='word_1_211' title='bbox 1565 2494 1644 2545; x_wconf 87' lang='lat' dir='ltr'><strong>De</strong></span> 
     </span>
     <span class='ocr_line' id='line_1_30' title="bbox 124 2574 1638 2645; baseline -0.004 -17"><span class='ocrx_word' id='word_1_212' title='bbox 124 2579 311 2641; x_wconf 84' lang='lat' dir='ltr'><strong>Pericle</strong></span> <span class='ocrx_word' id='word_1_213' title='bbox 347 2577 573 2643; x_wconf 84' lang='lat' dir='ltr'><strong>Olympio</strong></span> <span class='ocrx_word' id='word_1_214' title='bbox 602 2578 692 2628; x_wconf 89' lang='lat' dir='ltr'><strong>hoc</strong></span> <span class='ocrx_word' id='word_1_215' title='bbox 726 2583 937 2640; x_wconf 80' lang='lat' dir='ltr'><strong>constat3</strong></span> <span class='ocrx_word' id='word_1_216' title='bbox 969 2595 1126 2645; x_wconf 88' lang='lat' dir='ltr'><strong>neque</strong></span> <span class='ocrx_word' id='word_1_217' title='bbox 1158 2577 1221 2627; x_wconf 91' lang='lat' dir='ltr'><strong>de</strong></span> <span class='ocrx_word' id='word_1_218' title='bbox 1239 2574 1524 2641; x_wconf 84' lang='lat' dir='ltr'><strong>Thucydide</strong></span> <span class='ocrx_word' id='word_1_219' title='bbox 1546 2580 1638 2635; x_wconf 83' lang='lat' dir='ltr'><strong>est,</strong></span> 
     </span>
     <span class='ocr_line' id='line_1_31' title="bbox 126 2652 1691 2726; baseline -0.004 -18"><span class='ocrx_word' id='word_1_220' title='bbox 126 2658 254 2724; x_wconf 86' lang='lat' dir='ltr'><strong>quod</strong></span> <span class='ocrx_word' id='word_1_221' title='bbox 302 2656 606 2720; x_wconf 78' lang='lat' dir='ltr'><strong>dubitemus,</strong></span> <span class='ocrx_word' id='word_1_222' title='bbox 650 2676 798 2725; x_wconf 85' lang='lat' dir='ltr'><strong>quum</strong></span> <span class='ocrx_word' id='word_1_223' title='bbox 837 2658 1142 2726; x_wconf 84' lang='lat' dir='ltr'><strong>Antiphontis</strong></span> <span class='ocrx_word' id='word_1_224' title='bbox 1188 2655 1500 2717; x_wconf 85' lang='lat' dir='ltr'><strong>Rhamnusii,</strong></span> <span class='ocrx_word' id='word_1_225' title='bbox 1550 2652 1640 2702; x_wconf 85' lang='lat' dir='ltr'><strong>viri</strong></span> <span class='ocrx_word' id='word_1_226' title='bbox 1689 2674 1691 2676; x_wconf 59' lang='grc'>’</span> 
     </span>
    </p>
   </div>
  </div>
 </body>
</html>
