1805 3054
706 175 978 231 Thucydidas.-
1005 206 1007 209 -
1045 181 1047 183 ’
1082 228 1094 234 ,
1538 174 1597 221 83

290 296 570 358 Thucydidem
599 297 852 357 tlt-exsulem*
879 299 982 343 hona
1011 302 1053 345 et
1079 299 1387 360 possessiones,
1425 314 1523 360 quas
1553 304 1595 347 in

198 367 330 427 patria
367 365 574 420 hahuerit,
612 378 750 410 omnes
788 365 972 418 amisisse
1007 370 1050 410 et
1085 380 1154 411 eas
1196 366 1381 412 redactas
1421 383 1514 413 esse
1550 370 1595 414 in

199 434 421 494 publicum,
459 433 539 476 nisi
573 446 671 491 quas
706 446 803 477 cura
838 433 1052 477 amicorum
1083 430 1346 490 servaverit,'
1370 436 1447 479 viri
1487 436 1596 481 docti

199 506 355 561 putant.
415 499 627 545 Goellerus
647 512 650 514 ’
669 514 708 560 p.
738 499 809 545 3⁰.
850 501 1054 545 existimat
1089 500 1298 544 Brasidam
1332 505 1593 564 propinquam

198 568 347 613 fodinis
375 569 584 627 regionem
613 572 735 620 totam
763 568 814 611 in'
835 566 1123 626 Spartanorum
1151 567 1340 612 ditionem
1367 571 1594 629 redegisse,

200 640 319 693 atque
356 636 415 678 ita
457 649 643 678 servasse
680 634 961 692 Thucydidem
1000 634 1248 678 metallorum
1293 639 1593 696 possessionem

201 716 421 761 secureque
459 701 640 762 potuisse
673 701 820 746 ibidem
857 702 1103 747 commorari.
1169 702 1253 747 Sed
1301 718 1416 762 quum
1454 719 1592 751 earum

200 777 335 819 rerum
362 774 546 813 auctores
583 769 700 813 nobis
729 769 882 824 desint,
921 770 1081 813 omnino
1122 771 1212 814 iure
1250 770 1418 827 quodam
1452 772 1502 814 de
1540 775 1592 817 iis

198 836 394 897 disputari
422 851 541 915 posse
559 850 645 880 non
668 837 855 882 arbitror.
899 837 1096 881 Fortasse
1109 837 1276 881 retinuit
1292 837 1449 883 fodinas
1478 842 1592 907 (quo-

198 906 307 949 niam
343 918 426 948 non
453 906 496 947 in
525 904 663 948 Attica
692 904 795 947 sitae
824 905 982 969 erm,
1020 918 1112 947 nam
1152 904 1307 948 exsul
1296 906 1432 965 inopia
1458 921 1610 951 rerum.

110 984 113 986 ’
185 970 279 1016 'non
319 976 384 1016 est
415 985 607 1033 pressus,
641 970 713 1018 sed
748 970 894 1015 multas
922 970 1120 1015 divitias
1109 987 1150 1015 ιιι
1181 973 1436 1031 exquirendis
1470 975 1594 1020 rebus

199 1033 328 1100 gestis
357 1041 649 1098 consumpsisse
676 1053 901 1097 magnaque
926 1039 1074 1082 itinera
1100 1040 1248 1083 secisse
1275 1038 1419 1086 ferhlr.
1464 1039 1595 1087 Cete-

198 1123 286 1152 rum
314 1107 351 1151 si
378 1121 448 1163 ea,
478 1122 578 1165 quae
606 1108 778 1166 scriptor
805 1105 856 1149 de
882 1121 929 1150 se
958 1106 1055 1150 dicit
1081 1106 1134 1153 V.
1149 1106 1219 1152 26.
1261 1106 1342 1150 καὶ
1369 1108 1593 1170 ’γενομένῳ
1651 1120 1659 1125 ”

200 1172 309 1232 παρ’
338 1174 611 1233 ἀμφοτέροις
638 1174 759 1217 latius
786 1174 1045 1233 interpretari
1072 1175 1189 1218 nobis
1218 1174 1365 1231 liceat,
1394 1184 1489 1235 post
1522 1192 1594 1221 ex-

198 1242 332 1286 silium
361 1241 619 1285 constitutum
635 1239 766 1285 rebus
794 1239 1101 1285 Atheniensium
1129 1242 1192 1295 (et
1218 1242 1256 1285 si
1283 1257 1366 1287 non
1392 1243 1437 1287 in
1455 1243 1594 1300 Attica

198 1310 306 1369 ipsa)
335 1314 467 1353 tamen
494 1307 692 1352 interdum
719 1306 897 1351 adfuisse
924 1307 1120 1352 videatur.
1155 1356 1164 1361 κ

289 1442 460 1488 Davidis
493 1442 724 1486 Heilman
734 1457 799 1486 m
822 1443 1051 1486 coniectura.
1097 1442 1327 1498 (Kritische
1368 1444 1594 1490 Gedanken

199 1524 278 1555 von
316 1509 405 1555 dem
444 1510 671 1555 Charakter
703 1508 785 1553 und
829 1508 901 1552 der
933 1508 1168 1554 Schreihart
1212 1509 1284 1554 des
1321 1511 1593 1571 Thukydides

128 1583 137 1592 ”
198 1580 372 1637 Lemgo.
399 1576 442 1623 4.
471 1592 510 1637 [ι.
536 1577 621 1631 17.)
659 1577 737 1620 hoc
770 1576 859 1620 loco
887 1576 1094 1620 afferenda
1121 1583 1185 1621 est
1214 1578 1378 1621 haecce.
1430 1579 1499 1622 Da
1527 1595 1594 1623 er-

143 1646 350 1703 ·‚.hellet
385 1644 480 1689 dass
509 1642 777 1703 Thukydides
804 1657 884 1687 von
914 1643 1082 1703 Ansang
1118 1644 1189 1688 des
1217 1644 1399 1704 Krieges
1439 1660 1491 1689 an
1527 1645 1594 1690 die

198 1708 479 1766 Nachnchten
496 1726 575 1756 von
602 1710 748 1756 beiden
776 1710 955 1755 Theilen
984 1712 1220 1769 gesammelt
1253 1712 1334 1757 und
1352 1728 1480 1758 »zwar
1515 1730 1594 1758 von

200 1781 488 1841 angesehenen
515 1780 747 1835 Personen,
782 1778 847 1822 die
876 1778 947 1822 der
975 1778 1136 1823 Sachen
1164 1779 1319 1838 kundig
1346 1781 1436 1824 sein
1465 1782 1595 1825 konn-

200 1854 290 1905 ten,
309 1862 366 1905 so
394 1848 466 1892 hat
493 1846 625 1896 dieses
652 1845 855 1890 vielleicht
883 1846 959 1890 den
988 1846 1193 1893 Verdacht
1219 1847 1292 1890 der
1315 1847 1500 1892 Athener
1525 1850 1599 1893 auf

198 1916 271 1960 ihn
298 1915 419 1961 laden
447 1915 545 1960 oder
573 1915 790 1972 bestiirken
818 1916 995 1970 konnen,
1025 1913 1119 1958 dass
1149 1929 1194 1957 er
1221 1914 1293 1957 mit
1320 1914 1410 1959 dem
1438 1916 1476 1959 F
1478 1916 1594 1960 einde

200 1985 244 2028 in
273 1984 401 2028 einem
429 1981 1035 2027 unerlauhten‘Verstiindnisse
1065 1982 1200 2037 stehe,
1236 1981 1360 2028 daher
1388 1983 1461 2026 der
1490 1984 1594 2029 Ver-

200 2051 284 2095 lust
311 2066 389 2096 von
417 2049 668 2111 Amphipolis
696 2049 778 2091 ihm
806 2048 1001 2106 gedachte
1029 2048 1452 2109 Laudesverweisung
1480 2050 1595 2094 desto

201 2119 299 2165 eher
327 2118 518 2164 zuziehen
545 2118 723 2197 konnen.

118 2245 190 2312 14)
220 2223 492 2299 Athenienses
520 2256 613 2313 post
639 2250 737 2296 illud
765 2236 932 2332 tempus
947 2250 1191 2329 suspiciosos
1204 2251 1365 2308 fuisse'
1351 2268 1394 2297 ιιι
1409 2251 1595 2311 Thraces
1687 2250 1690 2254 ’

142 2365 150 2371 ,
200 2337 256 2366 ex
291 2321 576 2380 Aristophanis
612 2319 874 2385 comoediis-,2
1224 2352 1239 2373 ,

124 2385 128 2387 ’
203 2390 290 2433 eius
319 2388 478 2444 sabula,
506 2400 606 2446 quae
634 2385 727 2429 Pax
754 2395 820 2428 est
847 2384 869 2435 ⁰,
907 2366 1041 2445 cripta
1069 2387 1126 2441 (v.
1155 2383 1253 2431 287.
1282 2384 1401 2442 288.)
1432 2391 1512 2431 tum
1541 2403 1593 2431 ex

200 2456 374 2518 Vespis‚
404 2457 446 2500 in
476 2456 615 2514 quibus
643 2455 700 2510 (v.
729 2451 1010 2509 286—2911..)
1012 2452 1177 2497 iudices
1213 2459 1256 2496 et
1290 2456 1443 2514 parati
1454 2455 1544 2498 ad'
1533 2472 1592 2499 ιιι-

202 2524 306 2567 dicia
344 2522 569 2574 exercenda
603 2527 646 2565 et
686 2520 816 2580 cupidi
852 2519 1160 2568 damnandorum
1194 2536 1354 2567 reorum
1398 2522 1593 2581 collegam

201 2591 265 2635 his
293 2592 427 2641 verbis
457 2591 714 2636 admonentes
741 2587 1001 2632 inducuntur:
