1805 3054
128 172 188 215 Β
775 169 839 212 De
866 170 1009 213 exsilio

241 308 388 353 προσ-ι·
471 293 516 337 ἵν
544 292 625 337 τοῦ
653 291 811 351 δήμου.
839 293 889 336 ld
917 298 1028 337 certe
1055 306 1174 339 nemo
1201 295 1347 340 credat-
1368 294 1411 340 et
1438 294 1647 356 Thucydi-

244 363 335 408 dem
356 361 431 408 M*
453 361 567 407 osiae
590 361 719 407 filium
748 368 790 408 et
818 359 1099 422 Thucydidem
1118 357 1270 408 *olori*
1290 364 1420 423 turpis
1437 388 1440 391 -
1455 370 1645 422 quaestus

242 432 397 492 pariter
434 430 570 474 acidos
603 430 756 484 fuisse3
797 431 1037 509 praesertim
1075 443 1193 497 quum
1241 431 1342 475 baec
1386 431 1437 476 de
1480 431 1645 492 politico

241 499 461 555 narratio,
476 499 515 544 si
520 495 659 544 modo
688 498 851 543 semel'
839 513 887 542 ιιι
911 498 1177 556 scriptorem,
1200 499 1435 556 »quoniam
1421 513 1474 543 ιε
1482 512 1645 557 quoque

240 568 288 611 in
313 560 479 626 Aegina
506 571 689 610 versatus
718 571 761 609 et
794 565 968 610 nominis
1010 565 1224 624 splendore
1263 565 1498 610 notissimus
1536 571 1644 621 erat,

212 679 214 681 ,
243 634 443 680 mutata
480 638 593 689 erat,
635 634 812 678 libenter
848 633 1123 692 excipiebatur
1165 633 1512 711 credebaturque
1523 647 1643 691 quum
1730 665 1736 671 ,

240 702 391 747 invidia
417 667 684 745 multitudinis
718 701 956 761 saepissime
996 700 1154 745 laudes
1172 701 1449 773 egregiorum
1468 700 1643 745 virorum

241 769 454 816 extenuari
490 774 612 828 atque
639 770 760 829 (proh
797 770 915 814 dolor
921 770 953 825 ⁴)
990 769 1206 813 infamiam
1236 768 1383 813 eorm
1416 769 1642 826 nominibus

240 838 394 882 moveri
421 836 691 902 didicerimus.
732 837 805 881 Nil
833 841 964 881 autem
992 836 1166 892 facilius,
1196 837 1324 903 quam
1339 840 1393 881 ut
1414 835 1505 895 quis
1530 850 1642 881 num-

238 920 327 951 mos
355 905 477 949 nimis
512 919 671 949 amasse
700 905 982 956 existimetur.
1047 904 1246 964 Exemplo
1295 913 1358 948 est
1395 903 1640 948 clarimmus

237 972 496 1016 Leibnitzius
510 1005 525 1027 ‚
563 972 631 1030 qui
660 971 894 1030 quamquam
921 985 1008 1017 rem
1036 970 1302 1016 domesticam
1321 975 1446 1021 totam
1478 970 1639 1015 §annulis

240 1039 454 1084 curandam
482 1039 686 1100 permisit,
716 1039 1069 1084 sordidae-tamen
1099 1037 1297 1083 avaritiae
1310 1044 1388 1084 vest
1415 1033 1638 1083 acmatus.

160 1143 208 1198 3)
238 1141 479 1188 Siciliam
521 1141 719 1186 visitavit:
764 1139 869 1201 quod
906 1138 1024 1201 quum
1070 1140 1287 1186 verisimile
1325 1141 1403 1199 sit,
1441 1134 1533 1201 quia
1551 1141 1639 1186 'ex-

99 1204 103 1211 '
235 1209 363 1255 sulem
392 1209 539 1259 eumin
555 1209 678 1253 Italia
692 1209 844 1253 vixisse
873 1208 1036 1254 tradunt
1053 1214 1225 1264 veteres,
1245 1214 1327 1252 tum
1348 1224 1401 1253 ex
1424 1203 1639 1258 accuratis}

235 1277 338 1322 sima
366 1275 532 1322 Siciliae
560 1276 718 1321 insulae
746 1276 978 1337 cognitione
1007 1276 1294 1337 perspicuaque
1322 1276 1432 1322 urbis
1450 1273 1638 1337 Syracu·
1689 1335 1691 1338 .

235 1360 371 1390 sarum
415 1344 686 1403 descriptione
714 1349 902 1403 apparet,
947 1356 1062 1400 quam
1102 1352 1181 1386 tam
1219 1340 1393 1397 dilucide
1434 1340 1636 1406 explicare

137 1445 139 1447 .
233 1411 343 1457 nullo
380 1409 498 1456 modo
533 1410 686 1472 potuit,
734 1410 772 1453 si
820 1410 958 1454 urbem
995 1410 1164 1471 locaque
1199 1408 1315 1457 bello
1363 1410 1637 1458 memorabilia

146 1498 149 1501 ·
232 1496 316 1525 non
351 1480 521 1524 vidisset
549 1481 650 1539 ipse.
708 1479 851 1536 Neque
879 1467 984 1522 hanc
1012 1479 1152 1522 urbem
1185 1480 1343 1536 solam,
1378 1480 1451 1524 sed
1480 1485 1636 1534 ceteras

234 1560 391 1607 quoque
419 1546 525 1605 bene
564 1545 771 1626 coguovit
784 1544 915 1600 (verbi
947 1560 1083 1603 causa,
1111 1550 1246 1590 nonne
1262 1562 1378 1608 quae
1417 1544 1492 1594 VI.
1515 1542 1558 1600 4
1586 1547 1636 1593 de

233 1615 339 1661 Gela
367 1614 494 1658 dixit·
533 1609 586 1657 τὸ
626 1613 676 1657 δὲ
708 1611 889 1672 χώρων,
926 1606 982 1657 οὗ
1023 1614 1100 1658 νῦν
1136 1610 1167 1667 η’
1202 1611 1331 1665 πόλις
1368 1613 1489 1658 ἐστὶ
1503 1612 1625 1659 κάλ’
1609 1613 1639 1659 ο·

203 1679 217 1688 “
232 1682 410 1741 πρῶτον
439 1677 672 1740 ἒιζειχίσθη
702 1680 887 1735 Λίνδιοι
913 1680 1126 1725 καλεῖται
1155 1696 1244 1731 eum
1274 1681 1402 1727 Gelae
1430 1684 1637 1745 accepisse
1666 1716 1670 1719 -

233 1749 444 1795 arbitreris
454 1750 510 1803 2).
551 1747 665 1798 Quae
695 1747 744 1791 de
774 1746 1052 1807 antiquissima
1065 1749 1231 1794 Siciliae
1260 1750 1495 1798 conditione
1511 1756 1636 1817 *atque

232 1816 283 1862 de
312 1816 481 1863 coloniis
512 1816 683 1861 conditis
711 1816 827 1859 initio
863 1816 957 1860 libri
992 1817 1101 1861 sexti
1142 1811 1307 1862 tradidit
1346 1818 1477 1863 (verbi
1514 1831 1637 1872 causa

231 1889 334 1945 quae
370 1884 421 1928 de
451 1878 612 1930 Sicanis
651 1898 686 1927 c.
715 1884 757 1926 2.
795 1883 941 1940 dixit),
985 1883 1179 1943 quomodo
1214 1885 1389 1944 potuerit
1424 1867 1636 1948 indagare,

229 1953 324 2006 nisi
340 1952 559 1997 Siciliam'
547 1966 676 2012 ipsam
705 1950 828 2007 adiit,
857 1966 939 1995 non
966 1951 1166 2011 intelligo.
1221 1950 1395 1996 Accedit
1422 1951 1528 2012 quod
1552 1969 1636 2011 res,

232 2036 335 2091 quae
372 2021 417 2064 in
455 2019 598 2065 Sicilia
632 2020 797 2078 gestae
820 2023 934 2074 sunt,
973 2018 1157 2078 singulas
1199 2034 1391 2080 quasque
1402 2014 1636 2081 diligenter

233 2102 458 2132 memorans
493 2085 798 2132 accuratissima
831 2084 1045 2145 descripsit
1084 2085 1176 2142 (VI.
1205 2086 1338 2131 32.—
1353 2073 1492 2144 VIII)
1503 2122 1526 2146 ,

233 2169 334 2215 quae
361 2154 406 2198 in
436 2154 608 2199 Graecia
641 2153 732 2213 ipsa
771 2149 912 2208 eodem
941 2158 1130 2214 tempore
1155 2148 1402 2212 agebantur,
1439 2147 1636 2201 brevis·

230 2223 356 2268 sime
385 2222 590 2277 narravit,
627 2220 738 2265 velut
767 2206 1055 2282 Thespiensis
1074 2220 1211 2284 populi
1240 2221 1408 2283 conatus
1442 2216 1638 2271 adversus·

229 2282 443 2369 optimates
486 2290 627 2350 factos
642 2288 714 2347 (V
715 2289 756 2333 I
778 2287 868 2346 95.)
920 2303 1000 2337 uno
1036 2290 1157 2346 verbo
1203 2290 1337 2350 tetigil
1373 2271 1518 2348 (vll.
1529 2281 1599 2337 1⁹.
1600 2301 1634 2349 ),

230 2359 393 2414 maximi
430 2345 621 2410 momenti
669 2371 779 2414 rem,
835 2371 913 2416 qua
949 2340 1257 2421 Atheniensium
1282 2357 1464 2410 fortuna
1504 2354 1640 2429 Spar-·

229 2425 337 2478 tanis
372 2422 590 2484 Deceleam
630 2424 874 2499 capientibus
914 2424 957 2468 in
996 2416 1276 2494 gravissimum
1313 2423 1557 2500 discrimen,
1565 2441 1633 2472 vo·

228 2497 320 2537 cata
348 2497 424 2537 est·

150 2594 198 2650 4)
227 2595 431 2647 Italiam
459 2594 560 2639 adiit
588 2599 693 2638 teste
722 2594 910 2639 Timaeo.
971 2594 1087 2644 Quod
1116 2595 1364 2655 improbatur
1391 2593 1665 2643 Marcellino*
1716 2615 1718 2617 ·
1797 2591 1802 2599 ’

227 2663 266 2720 §.
294 2662 382 2711 25.=
427 2659 492 2721 μὴ
532 2658 625 2719 γάρ
663 2659 722 2715 δή
762 2658 1049 2719 πειθώμεθα
1098 2660 1269 2725 Τιμαίῳ
1315 2661 1525 2721 λέγοντι,
1579 2664 1635 2716 ὡς
